<?xml version="1.0" encoding="UTF-8"?><collection xmlns="http://www.loc.gov/MARC21/slim"><record><leader>00647nam--2200169-i-4500</leader><controlfield tag="001">000041727</controlfield><controlfield tag="002">20161230</controlfield><controlfield tag="005">20161230201043</controlfield><controlfield tag="008">060222s1000------------r-----000-0-eng-d</controlfield><datafield ind1=" " ind2=" " tag="040"><subfield code="a">IFIN-HH</subfield></datafield><datafield ind1=" " ind2=" " tag="080"><subfield code="a">539.1:539.02.062.5:621.384.633(061.3)</subfield></datafield><datafield ind1="1" ind2=" " tag="100"><subfield code="a">Sinha,B</subfield></datafield><datafield ind1="1" ind2="0" tag="245"><subfield code="a">Nuclear physics at cyclotron and intermediate energy</subfield><subfield code="b">Proceedings of the second indo-us symposium on nuclear physics at cyclotron and intermediate energy. bhabha atomic research centre, bombay, may 24-28, 1982</subfield><subfield code="c">B. sinha (ed.)</subfield></datafield><datafield ind1=" " ind2=" " tag="260"><subfield code="a">Bombay</subfield><subfield code="b">Bhabha Atomic Research Centre</subfield><subfield code="c">1982</subfield></datafield><datafield ind1=" " ind2=" " tag="300"><subfield code="a">VIII + 573 P</subfield></datafield><datafield ind1=" " ind2=" " tag="852"><subfield code="a">71212</subfield><subfield code="c">539</subfield></datafield><datafield ind1=" " ind2=" " tag="CAT"><subfield code="a">Sys</subfield><subfield code="c">20111013</subfield><subfield code="h">111433</subfield></datafield></record></collection>